<record><leader>00000cas a22000007a 4500</leader><controlfield tag="001">10491706</controlfield><controlfield tag="008">840306d18631866paudn ne      0    0eng d</controlfield><controlfield tag="009">3770</controlfield><datafield ind1=" " ind2=" " tag="010"><subfield code="a">sn 84025760 </subfield></datafield><datafield ind1=" " ind2=" " tag="040"><subfield code="a">NPV</subfield><subfield code="b">eng</subfield><subfield code="c">NPV</subfield><subfield code="d">NPH</subfield><subfield code="d">NPY</subfield><subfield code="d">NPH</subfield><subfield code="d">HUL</subfield></datafield><datafield ind1=" " ind2=" " tag="042"><subfield code="a">msc</subfield></datafield><datafield ind1=" " ind2="4" tag="050"><subfield code="a">AN2</subfield><subfield code="b">.P569x</subfield></datafield><datafield ind1="0" ind2=" " tag="130"><subfield code="a">Daily Pittsburgh gazette (Pittsburgh, Pa. : 1863)</subfield></datafield><datafield ind1="0" ind2="4" tag="245"><subfield code="a">The daily Pittsburgh gazette.</subfield></datafield><datafield ind1="1" ind2="3" tag="246"><subfield code="a">Pittsburgh gazette</subfield></datafield><datafield ind1=" " ind2=" " tag="250"><subfield code="a">[Morning ed.]</subfield></datafield><datafield ind1=" " ind2=" " tag="260"><subfield code="a">Pittsburgh [Pa.] :</subfield><subfield code="b">S. Riddle &amp; Co.,</subfield><subfield code="c">1863-1866.</subfield></datafield><datafield ind1=" " ind2=" " tag="300"><subfield code="a">3 v. ;</subfield><subfield code="c">68-72 cm.</subfield></datafield><datafield ind1=" " ind2=" " tag="310"><subfield code="a">Daily (except Sun.)</subfield></datafield><datafield ind1="0" ind2=" " tag="362"><subfield code="a">Vol. 76, no. 161 (May 21, 1863)-v. 80, no. 5 (Jan. 6, 1866).</subfield></datafield><datafield ind1=" " ind2=" " tag="500"><subfield code="a">Published also in a weekly edition.</subfield></datafield><datafield ind1=" " ind2=" " tag="580"><subfield code="a">Evening ed.: Daily evening gazette.</subfield></datafield><datafield ind1=" " ind2=" " tag="752"><subfield code="a">United States</subfield><subfield code="b">Pennsylvania</subfield><subfield code="c">Allegheny</subfield><subfield code="d">Pittsburgh.</subfield></datafield><datafield ind1="0" ind2="0" tag="780"><subfield code="t">Daily Pittsburgh gazette and commercial journal</subfield><subfield code="w">(DLC)sn 85054513</subfield><subfield code="w">(OCoLC)11872779</subfield></datafield><datafield ind1="0" ind2="0" tag="785"><subfield code="t">Pittsburgh gazette (Pittsburgh, Pa. : 1866 : Daily)</subfield><subfield code="w">(DLC)sn 84026384</subfield><subfield code="w">(OCoLC)10443223</subfield></datafield><datafield ind1="1" ind2=" " tag="787"><subfield code="t">Daily evening gazette (Pittsburgh, Pa.)</subfield><subfield code="w">(DLC)sn 85054639</subfield></datafield></record>